% Encoding: UTF-8

@Book{Garg2013,
  author    = {Garg, Nishant},
  publisher = {Packt Publishing Ltd},
  title     = {Apache Kafka},
  year      = {2013},
  file      = {:Garg2013 - Apache Kafka.PDF:PDF},
  groups    = {Kafka},
}

@Article{Wang2015,
  author    = {Wang, Guozhang and Koshy, Joel and Subramanian, Sriram and Paramasivam, Kartik and Zadeh, Mammad and Narkhede, Neha and Rao, Jun and Kreps, Jay and Stein, Joe},
  journal   = {Proceedings of the VLDB Endowment},
  title     = {Building a replicated logging system with Apache Kafka},
  year      = {2015},
  number    = {12},
  pages     = {1654--1655},
  volume    = {8},
  doi       = {10.14778/2824032.2824063},
  file      = {:Wang2015 - Building a Replicated Logging System with Apache Kafka.PDF:PDF},
  groups    = {Kafka},
  publisher = {VLDB Endowment},
}

@Article{Thein2014,
  author  = {Thein, Khin Me Me},
  journal = {International Journal of Scientific Engineering and Technology Research},
  title   = {Apache kafka: Next generation distributed messaging system},
  year    = {2014},
  number  = {47},
  pages   = {9478--9483},
  volume  = {3},
  file    = {:Thein2014 - Apache Kafka_ Next Generation Distributed Messaging System.PDF:PDF},
  groups  = {Kafka},
}

@Book{Dunning2016,
  author    = {Dunning, Ted and Friedman, Ellen},
  publisher = {" O'Reilly Media, Inc."},
  title     = {Streaming architecture: new designs using Apache Kafka and MapR streams},
  year      = {2016},
  groups    = {Kafka},
}

@Book{Garg2015,
  author    = {Garg, Nishant},
  publisher = {Packt Publishing Ltd},
  title     = {Learning Apache Kafka},
  year      = {2015},
  groups    = {Kafka},
}

@Book{Narkhede2017,
  author    = {Narkhede, Neha and Shapira, Gwen and Palino, Todd},
  publisher = {" O'Reilly Media, Inc."},
  title     = {Kafka: the definitive guide: real-time data and stream processing at scale},
  year      = {2017},
  groups    = {Kafka},
}

@Article{Kleppmann2015,
  author    = {Kleppmann, Martin and Kreps, Jay},
  title     = {Kafka, Samza and the Unix philosophy of distributed data},
  year      = {2015},
  file      = {:Kleppmann2015 - Kafka, Samza and the Unix Philosophy of Distributed Data.PDF:PDF},
  groups    = {Kafka},
  publisher = {IEEE},
}

@InProceedings{Hiraman2018,
  author       = {Hiraman, Bhole Rahul and Abhijeet, C Karve and others},
  booktitle    = {2018 International Conference on Information, Communication, Engineering and Technology (ICICET)},
  title        = {A study of Apache Kafka in big data stream processing},
  year         = {2018},
  organization = {IEEE},
  pages        = {1--3},
  doi          = {10.1109/icicet.2018.8533771},
  file         = {:Hiraman2018 - A Study of Apache Kafka in Big Data Stream Processing.pdf:PDF},
  groups       = {Kafka},
}

@Article{Shaheen2017,
  author  = {Shaheen, J},
  journal = {International Journal Of Advanced Science And Technology},
  title   = {Apache Kafka: Real Time Implementation with Kafka Architecture Review.},
  year    = {2017},
  pages   = {35--42},
  volume  = {109},
  file    = {:Shaheen2017 - Apache Kafka_ Real Time Implementation with Kafka Architecture Review..PDF:PDF},
  groups  = {Kafka},
}

@Book{Newman2015,
  author    = {Sam Newman},
  publisher = {O'Reilly},
  title     = {{B}uilding microservices - designing fine-grained systems},
  year      = {2015},
  edition   = {First Edition},
  isbn      = {9781491950357},
  bibsource = {dblp computer science bibliography, https://dblp.org},
  biburl    = {https://dblp.org/rec/books/lib/Newman15.bib},
  groups    = {Microservices},
  url       = {http://www.worldcat.org/oclc/904463848},
}

@Book{Stopford2018,
  author    = {Ben Stopford},
  editor    = {Brian Foster},
  publisher = {Oâ€™Reilly Media},
  title     = {Designing Event-Driven Systems: Concepts and Patterns for Streaming Services with Apache Kafka},
  year      = {2018},
  file      = {:D\:/Downloads/20180328-EB-Confluent_Designing_Event_Driven_Systems.pdf:PDF},
  groups    = {Kafka},
}

@InProceedings{Taelman2018,
  author    = {Ruben Taelman and Miel Vander Sande and Ruben Verborgh},
  booktitle = {Proceedings of the {ISWC} 2018 Posters {\&} Demonstrations, Industry and Blue Sky Ideas Tracks co-located with 17th International Semantic Web Conference {(ISWC} 2018), Monterey, USA, October 8th - to - 12th, 2018},
  title     = {GraphQL-LD: Linked Data Querying with GraphQL},
  year      = {2018},
  editor    = {Marieke van Erp and Medha Atre and Vanessa L{\'{o}}pez and Kavitha Srinivas and Carolina Fortuna},
  publisher = {CEUR-WS.org},
  series    = {{CEUR} Workshop Proceedings},
  volume    = {2180},
  bibsource = {dblp computer science bibliography, https://dblp.org},
  biburl    = {https://dblp.org/rec/conf/semweb/TaelmanSV18.bib},
  file      = {:Taelman2018 - GraphQL LD_ Linked Data Querying with GraphQL.PDF:PDF},
  groups    = {GraphQL},
  url       = {http://ceur-ws.org/Vol-2180/paper-65.pdf},
}

@InProceedings{Diaz2020,
  author    = {Tom{\'{a}}s D{\'{\i}}az and Federico Olmedo and {\'{E}}ric Tanter},
  booktitle = {Proceedings of the 9th {ACM} {SIGPLAN} International Conference on Certified Programs and Proofs, {CPP} 2020, New Orleans, LA, USA, January 20-21, 2020},
  title     = {{A} mechanized formalization of {GraphQL}},
  year      = {2020},
  editor    = {Jasmin Blanchette and Catalin Hritcu},
  pages     = {201--214},
  publisher = {{ACM}},
  bibsource = {dblp computer science bibliography, https://dblp.org},
  biburl    = {https://dblp.org/rec/conf/cpp/DiazOT20.bib},
  doi       = {10.1145/3372885.3373822},
  file      = {:Diaz2020 - A Mechanized Formalization of GraphQL.PDF:PDF},
  groups    = {GraphQL},
}

@InProceedings{Brito2020,
  author    = {Gleison Brito and Marco Tulio Valente},
  booktitle = {2020 {IEEE} International Conference on Software Architecture, {ICSA} 2020, Salvador, Brazil, March 16-20, 2020},
  title     = {{REST} vs {GraphQL}: {A} {C}ontrolled {E}xperiment},
  year      = {2020},
  pages     = {81--91},
  publisher = {{IEEE}},
  bibsource = {dblp computer science bibliography, https://dblp.org},
  biburl    = {https://dblp.org/rec/conf/icsa/BritoV20.bib},
  doi       = {10.1109/ICSA47634.2020.00016},
  file      = {:Brito2020 - REST Vs GraphQL_ a Controlled Experiment.PDF:PDF},
  groups    = {GraphQL},
}

@InProceedings{Farre2019,
  author    = {Carles Farr{\'{e}} and Jovan Varga and Robert Almar},
  booktitle = {Model and Data Engineering - 9th International Conference, {MEDI} 2019, Toulouse, France, October 28-31, 2019, Proceedings},
  title     = {GraphQL Schema Generation for Data-Intensive Web APIs},
  year      = {2019},
  editor    = {Klaus{-}Dieter Schewe and Neeraj Kumar Singh},
  pages     = {184--194},
  publisher = {Springer},
  series    = {Lecture Notes in Computer Science},
  volume    = {11815},
  bibsource = {dblp computer science bibliography, https://dblp.org},
  biburl    = {https://dblp.org/rec/conf/medi/FarreVA19.bib},
  doi       = {10.1007/978-3-030-32065-2\_13},
  file      = {:Farre2019 - GraphQL Schema Generation for Data Intensive Web APIs.PDF:PDF},
  groups    = {GraphQL},
  url       = {https://doi.org/10.1007/978-3-030-32065-2_13},
}

@InProceedings{Seabra2019,
  author    = {Matheus Seabra and Marcos Felipe Carvalho Naz{\'{a}}rio and Gustavo Pinto},
  booktitle = {Proceedings of the {XIII} Brazilian Symposium on Software Components, Architectures, and Reuse, {SBCARS} 2019, Salvador, Brazil, September 23-27, 2019},
  title     = {{REST} or GraphQL?: {A} Performance Comparative Study},
  year      = {2019},
  pages     = {123--132},
  publisher = {{ACM}},
  bibsource = {dblp computer science bibliography, https://dblp.org},
  biburl    = {https://dblp.org/rec/conf/sbcars/SeabraNP19.bib},
  doi       = {10.1145/3357141.3357149},
  file      = {:Seabra2019 - REST or GraphQL__ a Performance Comparative Study.PDF:PDF},
  groups    = {GraphQL},
}

@InProceedings{Brito2019,
  author    = {Gleison Brito and Tha{\'{\i}}s Mombach and Marco Tulio Valente},
  booktitle = {26th {IEEE} International Conference on Software Analysis, Evolution and Reengineering, {SANER} 2019, Hangzhou, China, February 24-27, 2019},
  title     = {{M}igrating to {GraphQL}: {A} {P}ractical {A}ssessment},
  year      = {2019},
  editor    = {Xinyu Wang and David Lo and Emad Shihab},
  pages     = {140--150},
  publisher = {{IEEE}},
  bibsource = {dblp computer science bibliography, https://dblp.org},
  biburl    = {https://dblp.org/rec/conf/wcre/BritoMV19.bib},
  doi       = {10.1109/SANER.2019.8667986},
  file      = {:Brito2019 - Migrating to GraphQL_ a Practical Assessment.PDF:PDF},
  groups    = {GraphQL},
}

@Article{Wittern2019,
  author        = {Erik Wittern and Alan Cha and James C. Davis and Guillaume Baudart and Louis Mandel},
  journal       = {CoRR},
  title         = {{A}n {E}mpirical {S}tudy of {GraphQL} {S}chemas},
  year          = {2019},
  volume        = {abs/1907.13012},
  archiveprefix = {arXiv},
  bibsource     = {dblp computer science bibliography, https://dblp.org},
  biburl        = {https://dblp.org/rec/journals/corr/abs-1907-13012.bib},
  eprint        = {1907.13012},
  file          = {:Wittern2019 - An Empirical Study of GraphQL Schemas.PDF:PDF},
  groups        = {GraphQL},
  url           = {http://arxiv.org/abs/1907.13012},
}

@InProceedings{Wittern2018,
  author    = {Erik Wittern and Alan Cha and Jim Alain Laredo},
  booktitle = {Web Engineering - 18th International Conference, {ICWE} 2018, C{\'{a}}ceres, Spain, June 5-8, 2018, Proceedings},
  title     = {{G}enerating {GraphQL}-{W}rappers for {REST}(-like) {API}s},
  year      = {2018},
  editor    = {Tommi Mikkonen and Ralf Klamma and Juan Hern{\'{a}}ndez},
  pages     = {65--83},
  publisher = {Springer},
  series    = {Lecture Notes in Computer Science},
  volume    = {10845},
  bibsource = {dblp computer science bibliography, https://dblp.org},
  biburl    = {https://dblp.org/rec/conf/icwe/WitternCL18.bib},
  doi       = {10.1007/978-3-319-91662-0\_5},
  file      = {:Wittern2018 - Generating GraphQL Wrappers for REST( Like) APIs.PDF:PDF},
  groups    = {GraphQL},
  url       = {https://doi.org/10.1007/978-3-319-91662-0_5},
}

@InProceedings{Hartig2018,
  author    = {Olaf Hartig and Jorge P{\'{e}}rez},
  booktitle = {Proceedings of the 2018 World Wide Web Conference on World Wide Web, {WWW} 2018, Lyon, France, April 23-27, 2018},
  title     = {{S}emantics and {C}omplexity of {GraphQL}},
  year      = {2018},
  editor    = {Pierre{-}Antoine Champin and Fabien L. Gandon and Mounia Lalmas and Panagiotis G. Ipeirotis},
  pages     = {1155--1164},
  publisher = {{ACM}},
  bibsource = {dblp computer science bibliography, https://dblp.org},
  biburl    = {https://dblp.org/rec/conf/www/Hartig018.bib},
  doi       = {10.1145/3178876.3186014},
  file      = {:Hartig2018 - Semantics and Complexity of GraphQL.PDF:PDF},
  groups    = {GraphQL},
}

@InProceedings{Hartig2017,
  author    = {Olaf Hartig and Jorge P{\'{e}}rez},
  booktitle = {Proceedings of the 11th Alberto Mendelzon International Workshop on Foundations of Data Management and the Web, Montevideo, Uruguay, June 7-9, 2017},
  title     = {{A}n {I}nitial {A}nalysis of {F}acebook's {GraphQL} {L}anguage},
  year      = {2017},
  editor    = {Juan L. Reutter and Divesh Srivastava},
  publisher = {CEUR-WS.org},
  series    = {{CEUR} Workshop Proceedings},
  volume    = {1912},
  bibsource = {dblp computer science bibliography, https://dblp.org},
  biburl    = {https://dblp.org/rec/conf/amw/Hartig017.bib},
  file      = {:Hartig2017 - An Initial Analysis of Facebook's GraphQL Language.PDF:PDF},
  groups    = {GraphQL},
  url       = {http://ceur-ws.org/Vol-1912/paper11.pdf},
}

@InProceedings{Vogel2017,
  author    = {Maximilian Vogel and Sebastian Weber and Christian Zirpins},
  booktitle = {Service-Oriented Computing - {ICSOC} 2017 Workshops - ASOCA, ISyCC, WESOACS, and Satellite Events, M{\'{a}}laga, Spain, November 13-16, 2017, Revised Selected Papers},
  title     = {{E}xperiences on {M}igrating {RESTful} {W}eb {S}ervices to {GraphQL}},
  year      = {2017},
  editor    = {Lars Braubach and Juan Manuel Murillo and Nima Kaviani and Manuel Lama and Loli Burgue{\~{n}}o and Naouel Moha and Marc Oriol},
  pages     = {283--295},
  publisher = {Springer},
  series    = {Lecture Notes in Computer Science},
  volume    = {10797},
  bibsource = {dblp computer science bibliography, https://dblp.org},
  biburl    = {https://dblp.org/rec/conf/icsoc/VogelWZ17.bib},
  doi       = {10.1007/978-3-319-91764-1\_23},
  file      = {:Vogel2017 - Experiences on Migrating RESTful Web Services to GraphQL.pdf:PDF},
  groups    = {GraphQL},
  url       = {https://doi.org/10.1007/978-3-319-91764-1_23},
}

@InCollection{Autili2020,
  author    = {Marco Autili and Alexander Perucci and Lorenzo De Lauretis},
  booktitle = {Microservices, Science and Engineering},
  publisher = {Springer},
  title     = {{A} {H}ybrid {A}pproach to {M}icroservices {L}oad {B}alancing},
  year      = {2020},
  editor    = {Antonio Bucchiarone and Nicola Dragoni and Schahram Dustdar and Patricia Lago and Manuel Mazzara and Victor Rivera and Andrey Sadovykh},
  pages     = {249--269},
  bibsource = {dblp computer science bibliography, https://dblp.org},
  biburl    = {https://dblp.org/rec/books/sp/20/AutiliPL20.bib},
  doi       = {10.1007/978-3-030-31646-4\_10},
  file      = {:Autili2020 - A Hybrid Approach to Microservices Load Balancing.pdf:PDF},
  groups    = {Microservices},
  url       = {https://doi.org/10.1007/978-3-030-31646-4_10},
}

@InCollection{Baresi2020,
  author    = {Luciano Baresi and Martin Garriga},
  booktitle = {Microservices, Science and Engineering},
  publisher = {Springer},
  title     = {{M}icroservices: {T}he {E}volution and {E}xtinction of {W}eb {S}ervices?},
  year      = {2020},
  editor    = {Antonio Bucchiarone and Nicola Dragoni and Schahram Dustdar and Patricia Lago and Manuel Mazzara and Victor Rivera and Andrey Sadovykh},
  pages     = {3--28},
  bibsource = {dblp computer science bibliography, https://dblp.org},
  biburl    = {https://dblp.org/rec/books/sp/20/BaresiG20.bib},
  doi       = {10.1007/978-3-030-31646-4\_1},
  groups    = {Microservices},
  url       = {https://doi.org/10.1007/978-3-030-31646-4_1},
}

@InCollection{Henry2020,
  author    = {Alexis Henry and Youssef Ridene},
  booktitle = {Microservices, Science and Engineering},
  publisher = {Springer},
  title     = {Migrating to Microservices},
  year      = {2020},
  editor    = {Antonio Bucchiarone and Nicola Dragoni and Schahram Dustdar and Patricia Lago and Manuel Mazzara and Victor Rivera and Andrey Sadovykh},
  pages     = {45--72},
  bibsource = {dblp computer science bibliography, https://dblp.org},
  biburl    = {https://dblp.org/rec/books/sp/20/HenryR20.bib},
  doi       = {10.1007/978-3-030-31646-4\_3},
  groups    = {Microservices},
  url       = {https://doi.org/10.1007/978-3-030-31646-4_3},
}

@InCollection{Taibi2020,
  author    = {Davide Taibi and Valentina Lenarduzzi and Claus Pahl},
  booktitle = {Microservices, Science and Engineering},
  publisher = {Springer},
  title     = {{M}icroservices {A}nti-patterns: {A} {T}axonomy},
  year      = {2020},
  editor    = {Antonio Bucchiarone and Nicola Dragoni and Schahram Dustdar and Patricia Lago and Manuel Mazzara and Victor Rivera and Andrey Sadovykh},
  pages     = {111--128},
  bibsource = {dblp computer science bibliography, https://dblp.org},
  biburl    = {https://dblp.org/rec/books/sp/20/TaibiLP20.bib},
  doi       = {10.1007/978-3-030-31646-4\_5},
  groups    = {Microservices},
  url       = {https://doi.org/10.1007/978-3-030-31646-4_5},
}

@Article{Malakhov2018,
  author        = {Kyrylo Malakhov and Oleksandr Kurgaev and Vitalii Velychko},
  journal       = {CoRR},
  title         = {{M}odern {REST}ful {API} {DL}s and frameworks for {REST}ful web services {API} schema modeling, documenting, visualizing},
  year          = {2018},
  volume        = {abs/1811.04659},
  archiveprefix = {arXiv},
  bibsource     = {dblp computer science bibliography, https://dblp.org},
  biburl        = {https://dblp.org/rec/journals/corr/abs-1811-04659.bib},
  eprint        = {1811.04659},
  file          = {:Malakhov2018 - Modern RESTful API DLs and Frameworks for RESTful Web Services API Schema Modeling, Documenting, Visualizing.PDF:PDF},
  groups        = {REST},
  url           = {http://arxiv.org/abs/1811.04659},
}

@InProceedings{Serrano2017,
  author    = {Diego Serrano and Eleni Stroulia and Diana H. Lau and Tinny Ng},
  booktitle = {2017 {IEEE} International Conference on Web Services, {ICWS} 2017, Honolulu, HI, USA, June 25-30, 2017},
  title     = {Linked {REST} APIs: {A} Middleware for Semantic {REST} {API} Integration},
  year      = {2017},
  editor    = {Ilkay Altintas and Shiping Chen},
  pages     = {138--145},
  publisher = {{IEEE}},
  bibsource = {dblp computer science bibliography, https://dblp.org},
  biburl    = {https://dblp.org/rec/conf/icws/SerranoSLN17.bib},
  doi       = {10.1109/ICWS.2017.26},
  file      = {:Serrano2017 - Linked REST APIs_ a Middleware for Semantic REST API Integration.PDF:PDF},
  groups    = {REST},
}

@Article{Buelthoff2019,
  author        = {Frederik B{\"{u}}lthoff and Maria Maleshkova},
  journal       = {CoRR},
  title         = {{REST}ful or {REST}less - {C}urrent {S}tate of {T}oday's {T}op {W}eb {APIs}},
  year          = {2019},
  volume        = {abs/1902.10514},
  archiveprefix = {arXiv},
  bibsource     = {dblp computer science bibliography, https://dblp.org},
  biburl        = {https://dblp.org/rec/journals/corr/abs-1902-10514.bib},
  eprint        = {1902.10514},
  file          = {:Buelthoff2019 - RESTful or RESTless Current State of Today's Top Web APIs.PDF:PDF},
  groups        = {REST},
  url           = {http://arxiv.org/abs/1902.10514},
}

@InProceedings{Fielding2017,
  author    = {Roy T. Fielding and Richard N. Taylor and Justin R. Erenkrantz and Michael M. Gorlick and Jim Whitehead and Rohit Khare and Peyman Oreizy},
  booktitle = {Proceedings of the 2017 11th Joint Meeting on Foundations of Software Engineering, {ESEC/FSE} 2017, Paderborn, Germany, September 4-8, 2017},
  title     = {{R}eflections on the {REST} {A}rchitectural {S}tyle and "{P}rincipled {D}esign of the {M}odern {W}eb {A}rchitecture" ({I}mpact {P}aper {A}ward)},
  year      = {2017},
  editor    = {Eric Bodden and Wilhelm Sch{\"{a}}fer and Arie van Deursen and Andrea Zisman},
  pages     = {4--14},
  publisher = {{ACM}},
  bibsource = {dblp computer science bibliography, https://dblp.org},
  biburl    = {https://dblp.org/rec/conf/sigsoft/FieldingTEGWKO17.bib},
  doi       = {10.1145/3106237.3121282},
  file      = {:Fielding2017 - Reflections on the REST Architectural Style and _principled Design of the Modern Web Architecture_ (impact Paper Award).PDF:PDF},
  groups    = {REST},
}

@Article{Fielding2002,
  author    = {Roy T. Fielding and Richard N. Taylor},
  journal   = {{ACM} Trans. Internet Techn.},
  title     = {Principled design of the modern Web architecture},
  year      = {2002},
  number    = {2},
  pages     = {115--150},
  volume    = {2},
  bibsource = {dblp computer science bibliography, https://dblp.org},
  biburl    = {https://dblp.org/rec/journals/toit/FieldingT02.bib},
  doi       = {10.1145/514183.514185},
  file      = {:Fielding2002 - Principled Design of the Modern Web Architecture.PDF:PDF},
  groups    = {REST},
}

@Book{Fielding2000,
  author    = {Roy T. Fielding},
  publisher = {University of California, Irvine Irvine},
  title     = {{A}rchitectural {S}tyles and the {D}esign of {N}etwork-based {S}oftware {A}rchitectures},
  year      = {2000},
  volume    = {7},
  file      = {:Fielding2000 - Architectural Styles and the Design of Network Based Software Architectures.PDF:PDF},
  groups    = {REST},
}

@Book{Kim2016,
  author    = {Kim, Gene and Humble, Jez and Debois, Patrick and Willis, John},
  publisher = {IT Revolution},
  title     = {{T}he {DevOps} {H}andbook: {H}ow to {C}reate {W}orld-{C}lass {A}gility, {R}eliability, and {S}ecurity in {T}echnology {O}rganizations},
  year      = {2016},
}

@InCollection{Mazzara2020,
  author    = {Manuel Mazzara and Antonio Bucchiarone and Nicola Dragoni and Victor Rivera},
  booktitle = {Microservices, Science and Engineering},
  publisher = {Springer},
  title     = {{S}ize {M}atters: {M}icroservices {R}esearch and {A}pplications},
  year      = {2020},
  editor    = {Antonio Bucchiarone and Nicola Dragoni and Schahram Dustdar and Patricia Lago and Manuel Mazzara and Victor Rivera and Andrey Sadovykh},
  pages     = {29--42},
  bibsource = {dblp computer science bibliography, https://dblp.org},
  biburl    = {https://dblp.org/rec/books/sp/20/MazzaraBDR20.bib},
  doi       = {10.1007/978-3-030-31646-4\_2},
  groups    = {Microservices},
  url       = {https://doi.org/10.1007/978-3-030-31646-4_2},
}

@InProceedings{Schermann2015,
  author    = {Gerald Schermann and J{\"{u}}rgen Cito and Philipp Leitner},
  booktitle = {Service-Oriented Computing - {ICSOC} 2015 Workshops - WESOA, RMSOC, ISC, DISCO, WESE, BSCI, FOR-MOVES, Goa, India, November 16-19, 2015, Revised Selected Papers},
  title     = {{A}ll the {S}ervices {L}arge and {M}icro: {R}evisiting {I}ndustrial {P}ractice in {S}ervices {C}omputing},
  year      = {2015},
  editor    = {Alex Norta and Walid Gaaloul and G. R. Gangadharan and Hoa Khanh Dam},
  pages     = {36--47},
  publisher = {Springer},
  series    = {Lecture Notes in Computer Science},
  volume    = {9586},
  bibsource = {dblp computer science bibliography, https://dblp.org},
  biburl    = {https://dblp.org/rec/conf/icsoc/SchermannCL15.bib},
  doi       = {10.1007/978-3-662-50539-7\_4},
  file      = {:Schermann2015 - All the Services Large and Micro_ Revisiting Industrial Practice in Services Computing.PDF:PDF},
  groups    = {Microservices},
  url       = {https://doi.org/10.1007/978-3-662-50539-7_4},
}

@InCollection{Dragoni2017,
  author    = {Nicola Dragoni and Saverio Giallorenzo and Alberto Lluch{-}Lafuente and Manuel Mazzara and Fabrizio Montesi and Ruslan Mustafin and Larisa Safina},
  booktitle = {Present and Ulterior Software Engineering},
  publisher = {Springer},
  title     = {{M}icroservices: {Y}esterday, {T}oday, and {T}omorrow},
  year      = {2017},
  editor    = {Manuel Mazzara and Bertrand Meyer},
  pages     = {195--216},
  bibsource = {dblp computer science bibliography, https://dblp.org},
  biburl    = {https://dblp.org/rec/books/sp/17/DragoniGLMMMS17.bib},
  doi       = {10.1007/978-3-319-67425-4\_12},
  file      = {:Dragoni2017 - Microservices_ Yesterday, Today, and Tomorrow.PDF:PDF},
  groups    = {Microservices},
  url       = {https://doi.org/10.1007/978-3-319-67425-4_12},
}

@Misc{Lewis2014,
  author       = {James Lewis and Martin Fowler},
  howpublished = {\url{https://martinfowler.com/articles/microservices.html}},
  note         = {Last accessed 2020-06-10},
  title        = {Microservices},
  year         = {2014},
  groups       = {Microservices},
  url          = {https://martinfowler.com/articles/microservices.html},
}

@Article{Thones2015,
  author    = {Johannes ThÃ¶nes},
  journal   = {{IEEE} Softw.},
  title     = {Microservices},
  year      = {2015},
  number    = {1},
  pages     = {116},
  volume    = {32},
  bibsource = {dblp computer science bibliography, https://dblp.org},
  biburl    = {https://dblp.org/rec/journals/software/Thones15.bib},
  doi       = {10.1109/MS.2015.11},
  file      = {:Thones2015 - Microservices.PDF:PDF},
  groups    = {Microservices},
}

@InProceedings{Brilhante2017,
  author    = {Jonathan Brilhante and Rostand Costa and Tiago Maritan Ugulino de Ara{\'{u}}jo},
  booktitle = {Proceedings of the 23rd Brazillian Symposium on Multimedia and the Web, Webmedia 2017, Gramado, Brazil, October 17 - 20, 2017},
  title     = {Asynchronous Queue Based Approach for Building Reactive Microservices},
  year      = {2017},
  editor    = {Valter Roesler and Jos{\'{e}} Valdeni de Lima and Celso Alberto Saibel Santos and Roberto Willrich},
  pages     = {373--380},
  publisher = {{ACM}},
  bibsource = {dblp computer science bibliography, https://dblp.org},
  biburl    = {https://dblp.org/rec/conf/webmedia/BrilhanteCA17.bib},
  doi       = {10.1145/3126858.3126873},
  groups    = {Microservices},
}

@PhdThesis{Nunez2017,
  author = {N{\'u}{\~n}ez, Pedro Manuel Taveras},
  school = {Colorado Technical University},
  title  = {A reactive microservice architectural model with asynchronous programming and observable streams as an approach to developing iot middleware},
  year   = {2017},
  groups = {Microservices},
}

@Article{Park2017,
  author    = {Park, Sang Il},
  journal   = {The Journal of The Institute of Internet, Broadcasting and Communication},
  title     = {A Proposal of Event Stream Processing Frameworks applicable to Asynchronous-based Microservice},
  year      = {2017},
  number    = {2},
  pages     = {45--50},
  volume    = {17},
  file      = {:Park2017 - A Proposal of Event Stream Processing Frameworks Applicable to Asynchronous Based Microservice.PDF:PDF},
  groups    = {Microservices},
  publisher = {The Institute of Internet, Broadcasting and Communication},
}

@InProceedings{Garriga2017,
  author    = {Martin Garriga},
  booktitle = {Software Engineering and Formal Methods - {SEFM} 2017 Collocated Workshops: DataMod, FAACS, MSE, CoSim-CPS, and FOCLASA, Trento, Italy, September 4-5, 2017, Revised Selected Papers},
  title     = {{T}owards a {T}axonomy of {M}icroservices {A}rchitectures},
  year      = {2017},
  editor    = {Antonio Cerone and Marco Roveri},
  pages     = {203--218},
  publisher = {Springer},
  series    = {Lecture Notes in Computer Science},
  volume    = {10729},
  bibsource = {dblp computer science bibliography, https://dblp.org},
  biburl    = {https://dblp.org/rec/conf/sefm/Garriga17.bib},
  doi       = {10.1007/978-3-319-74781-1\_15},
  file      = {:Garriga2017 - Towards a Taxonomy of Microservices Architectures.PDF:PDF},
  groups    = {Microservices},
  url       = {https://doi.org/10.1007/978-3-319-74781-1_15},
}

@InProceedings{Hartig2018a,
  author    = {Olaf Hartig and Ian Letter and Jorge P{\'{e}}rez},
  booktitle = {Proceedings of the Twenty-Seventh International Joint Conference on Artificial Intelligence, {IJCAI} 2018, July 13-19, 2018, Stockholm, Sweden},
  title     = {A Model of Distributed Query Computation in Client-Server Scenarios on the Semantic Web},
  year      = {2018},
  editor    = {J{\'{e}}r{\^{o}}me Lang},
  pages     = {5259--5263},
  publisher = {ijcai.org},
  bibsource = {dblp computer science bibliography, https://dblp.org},
  biburl    = {https://dblp.org/rec/conf/ijcai/HartigL018.bib},
  doi       = {10.24963/ijcai.2018/733},
  file      = {:Hartig2018a - A Model of Distributed Query Computation in Client Server Scenarios on the Semantic Web.PDF:PDF},
  groups    = {GraphQL},
}

@Misc{GQL,
  author       = {{The GraphQL Foundation}},
  howpublished = {\url{https://graphql.org/}},
  note         = {Online; last accessed 2020-06-15},
  title        = {{GraphQL}},
  year         = {2020},
  groups       = {GraphQL},
  url          = {https://graphql.org/},
}

@InProceedings{Erenkrantz2007,
  author    = {Justin R. Erenkrantz and Michael M. Gorlick and Girish Suryanarayana and Richard N. Taylor},
  booktitle = {Proceedings of the 6th joint meeting of the European Software Engineering Conference and the {ACM} {SIGSOFT} International Symposium on Foundations of Software Engineering, 2007, Dubrovnik, Croatia, September 3-7, 2007},
  title     = {{F}rom {R}epresentations to {C}omputations: the evolution of web architectures},
  year      = {2007},
  editor    = {Ivica Crnkovic and Antonia Bertolino},
  pages     = {255--264},
  publisher = {{ACM}},
  bibsource = {dblp computer science bibliography, https://dblp.org},
  biburl    = {https://dblp.org/rec/conf/sigsoft/ErenkrantzGST07.bib},
  doi       = {10.1145/1287624.1287660},
  file      = {:Erenkrantz2007 - From Representations to Computations_ the Evolution of Web Architectures.PDF:PDF},
  groups    = {REST},
}

@Book{Runeson2012,
  author    = {Runeson, Per and Host, Martin and Rainer, Austen and Regnell, Bjorn},
  publisher = {John Wiley \& Sons},
  title     = {{C}ase study research in software engineering: {G}uidelines and examples},
  year      = {2012},
  doi       = {10.1002/9781118181034},
  file      = {:Runeson2012 - Case Study Research in Software Engineering_ Guidelines and Examples.pdf:PDF},
  groups    = {Meta},
}

@Book{Glaser2017,
  author    = {Glaser, Barney G and Strauss, Anselm L},
  publisher = {Routledge},
  title     = {Discovery of grounded theory: Strategies for qualitative research},
  year      = {2017},
  file      = {:Barney G. Glaser, Anselm L. Strauss - The discovery of grounded theory_ strategies for qualitative research   (2006, Aldine Transaction) - libgen.lc.pdf:PDF},
  groups    = {Meta},
}

@InProceedings{Setzke2020,
  author    = {David Soto Setzke and Merve Canan Kavili and Markus B{\"{o}}hm},
  booktitle = {28th European Conference on Information Systems - Liberty, Equality, and Fraternity in a Digitizing World, {ECIS} 2020, Marrakech, Morocco, June 15-17, 2020},
  title     = {{O}n the {U}se of {Q}ualitative {C}omparative {A}nalysis in {I}nformation {S}ystems {R}esearch - {A} {C}ritical {R}eview},
  year      = {2020},
  editor    = {Frantz Rowe and Redouane El Amrani and Moez Limayem and Sue Newell and Nancy Pouloudi and Eric van Heck and Ali El Quammah},
  bibsource = {dblp computer science bibliography, https://dblp.org},
  biburl    = {https://dblp.org/rec/conf/ecis/SetzkeK020.bib},
  file      = {:Setzke2020 - On the Use of Qualitative Comparative Analysis in Information Systems Research a Critical Review.pdf:PDF},
  groups    = {Meta},
  timestamp = {Wed, 10 Jun 2020 12:03:24 +0200},
  url       = {https://aisel.aisnet.org/ecis2020\_rp/56},
}

@Article{Goldkuhl2019,
  author    = {G{\"{o}}ran Goldkuhl},
  journal   = {Commun. Assoc. Inf. Syst.},
  title     = {{T}he {G}eneration of {Q}ualitative {D}ata in {I}nformation {S}ystems {R}esearch: {T}he {D}iversity of {E}mpirical {R}esearch {M}ethods},
  year      = {2019},
  pages     = {28},
  volume    = {44},
  bibsource = {dblp computer science bibliography, https://dblp.org},
  biburl    = {https://dblp.org/rec/journals/cais/Goldkuhl19.bib},
  file      = {:Goldkuhl2019 - The Generation of Qualitative Data in Information Systems Research_ the Diversity of Empirical Research Methods.pdf:PDF},
  groups    = {Meta},
  timestamp = {Tue, 19 May 2020 11:50:56 +0200},
  url       = {https://aisel.aisnet.org/cais/vol44/iss1/28},
}

@Article{Myers1997,
  author    = {Michael D. Myers},
  journal   = {{MIS} Q.},
  title     = {{Q}ualitative {R}esearch in {I}nformation {S}ystems},
  year      = {1997},
  number    = {2},
  volume    = {21},
  bibsource = {dblp computer science bibliography, https://dblp.org},
  biburl    = {https://dblp.org/rec/journals/misq/Myers97.bib},
  file      = {:Myers1997 - Qualitative Research in Information Systems.PDF:PDF},
  groups    = {Meta},
  timestamp = {Fri, 15 May 2020 17:12:45 +0200},
}

@TechReport{RFC7321,
  author       = {R. Fielding and J. Renschke},
  institution  = {RFC Editor},
  title        = {{H}ypertext {T}ransfer {P}rotocol ({HTTP}/1.1): {S}emantics and {C}ontent},
  year         = {2014},
  month        = jun,
  number       = {7231},
  type         = {RFC},
  groups       = {HTTP},
  howpublished = {Internet Requests for Comments},
  issn         = {2070-1721},
  publisher    = {RFC Editor},
  url          = {https://www.rfc-editor.org/rfc/rfc7231.txt},
}

@Misc{Fielding2008,
  author       = {Roy T. Fielding},
  howpublished = {\url{https://roy.gbiv.com/untangled/2008/rest-apis-must-be-hypertext-driven}},
  month        = oct,
  note         = {Last accessed 2020-06-30},
  title        = {{REST} {API}s must by hypertext-driven},
  year         = {2008},
  groups       = {REST},
}

@Misc{MDN2020,
  author       = {{MDN contributors}},
  howpublished = {\url{https://developer.mozilla.org/en-US/docs/Web/HTTP/Conditional_requests}},
  month        = apr,
  note         = {Online; Last accessed 2020-07-14},
  title        = {{HTTP} conditional requests},
  year         = {2020},
  groups       = {HTTP},
  url          = {https://developer.mozilla.org/en-US/docs/Web/HTTP/Conditional_requests},
}

@TechReport{RFC2068,
  author      = {R. Fielding and J. Gettys and J. Mogul and H. Frystyk and T. Berners-Lee},
  institution = {RFC Editor},
  title       = {{H}ypertext {T}ransfer {P}rotocol -- {HTTP/1.1}},
  year        = {1997},
  month       = jan,
  number      = {2068},
  type        = {RFC},
  groups      = {HTTP},
  url         = {https://www.rfc-editor.org/rfc/rfc2068.txt},
  howpublished = {Internet Requests for Comments},
  issn         = {2070-1721},
}

@TechReport{RFC7540,
  author       = {M. Belshe and R. Peon and M. Thomson},
  institution  = {RFC Editor},
  title        = {{H}ypertext {T}ransfer {P}rotocol {V}ersion 2 ({HTTP/2})},
  year         = {2015},
  month        = may,
  number       = {7540},
  type         = {RFC},
  howpublished = {Internet Requests for Comments},
  issn         = {2070-1721},
  url          = {https://tools.ietf.org/html/draft-kelly-json-hal-00},
}

@Article{Conway1968,
  author  = {Melvin E. Conway},
  journal = {Datamation},
  title   = {{H}ow {D}o {C}ommittees {I}nvent?},
  year    = {1968},
  number  = {4},
  pages   = {28--31},
  volume  = {14},
}

@Misc{Schmidt2019,
  author       = {Geoff Schmidt and Matt DeBergalis},
  howpublished = {\url{https://principledgraphql.com/}},
  note         = {Online; last accessed 2020-08-02},
  title        = {{P}rincipled {GraphQL}},
  year         = {2019},
  groups       = {GraphQL},
  url          = {https://principledgraphql.com/},
}

@Misc{Stubailo2017,
  author       = {Sashko Stubailo},
  howpublished = {\url{https://www.apollographql.com/blog/graphql-schema-stitching-8af23354ac37}},
  month        = sep,
  note         = {Online, last accessed 2020-11-11},
  title        = {{GraphQL} schema stitching},
  year         = {2017},
  groups       = {GraphQL},
  url          = {https://www.apollographql.com/blog/graphql-schema-stitching-8af23354ac37},
}

@Article{Touronen2019,
  author    = {Touronen, Ville and others},
  title     = {Microservice architecture patterns with {GraphQL}},
  year      = {2019},
  file      = {:Touronen2019 - Microservice Architecture Patterns with GraphQL.PDF:PDF},
  groups    = {GraphQL},
  publisher = {Helsingin yliopisto},
}

@Book{Frisendal2018,
  author    = {Frisendal, Thomas},
  publisher = {Apress},
  title     = {{V}isual {D}esign of {GraphQL} {D}ata: {A} {P}ractical {I}ntroduction with {L}egacy {D}ata and {Neo4j}},
  year      = {2018},
  file      = {:Frisendal2018 - Visual Design of GraphQL Data_ a Practical Introduction with Legacy Data and Neo4j.pdf:PDF},
  groups    = {GraphQL},
}

@Book{Malhotra2019,
  author    = {Malhotra, Raj},
  publisher = {Apress},
  title     = {{R}apid {J}ava {P}ersistence and {M}icroservices: {P}ersistence {M}ade {E}asy {U}sing {J}ava {EE8}, {JPA} and {S}pring},
  year      = {2019},
  file      = {:Malhotra2019 - Rapid Java Persistence and Microservices_ Persistence Made Easy Using Java EE8, JPA and Spring.pdf:PDF},
  groups    = {GraphQL},
}

@MastersThesis{Lama2019,
  author = {Lama, Binod},
  school = {Universitat Polit{\`e}cnica de Catalunya},
  title  = {{I}mplementing {GraphQL} in existing {REST} {API}},
  year   = {2019},
  type   = {{B.S.} thesis},
  file   = {:Lama2019 - Implementing GraphQL in Existing REST API.pdf:PDF},
  groups = {GraphQL},
}

@Book{Vermeer2020,
  author      = {Brian Vermeer},
  publisher   = {snyk.io},
  title       = {{JVM} {E}cosystem {R}eport 2020},
  year        = {2020},
  file        = {:Vermeer2020 - JVM Ecosystem Report 2020.PDF:PDF},
  institution = {Snyk},
  url         = {https://snyk.io/blog/jvm-ecosystem-report-2020/},
}

@Misc{CEC2018,
  author       = {{Chaos Engineering Contributors}},
  howpublished = {\url{https://principlesofchaos.org/}},
  note         = {Last accessed 2020-09-30},
  title        = {{P}rinciples of {Ch}aos {E}ngineering},
  year         = {2018},
  groups       = {Microservices},
  url          = {https://principlesofchaos.org/},
}

@InProceedings{Fowler2016,
  author     = {Chad Fowler},
  title      = {{M}icroservices: {H}ow {T}o {B}uild {S}ystems {T}hat {S}urvive},
  year       = {2016},
  note       = {Presented at Rocky Mountain Ruby 2016},
  eventtitle = {Rocky Mountain Ruby 2016},
  groups     = {Microservices},
  url        = {https://www.youtube.com/watch?v=rNQR1HqfEl0},
}

@TechReport{ECMAInternational2017,
  author      = {{ECMA International}},
  institution = {{ECMA International}},
  title       = {{ECMA-404}: {T}he {JSON} {D}ata {I}nterchange {S}yntax},
  year        = {2017},
  number      = {404},
  url         = {https://www.ecma-international.org/publications/files/ECMA-ST/ECMA-404.pdf},
}

@TechReport{Kellogg2020,
  author      = {Gregg Kellogg and Pierre-Antoine Champin and Dave Longley},
  institution = {World Wide Web Consortium},
  title       = {{JSON-LD 1.1}: {A} {JSON}-based {S}erialization for {L}inked {D}ata},
  year        = {2020},
  url         = {https://www.w3.org/TR/json-ld11/},
}

@TechReport{HALdraft,
  author       = {M. Kelly},
  institution  = {RFC Editor},
  title        = {{JSON} {H}ypertext {A}pplication {L}anuage},
  year         = {2016},
  note         = {\footnotesize\textit{This latest version of HAL Internet-Draft expired 2016-11-12.}},
  type         = {Internet-Draft},
  groups       = {HTTP},
  howpublished = {Internet Requests for Comments},
  issn         = {2070-1721},
  url          = {https://www.rfc-editor.org/rfc/rfc7540.txt},
}

@InProceedings{Liskin2011,
  author    = {Olga Liskin and Leif Singer and Kurt Schneider},
  booktitle = {Proceedings of the Second International Workshop on RESTful Design, {WS-REST} 2011, Hyderabad, India, March 28, 2011},
  title     = {Teaching old services new tricks: adding {HATEOAS} support as an afterthought},
  year      = {2011},
  editor    = {Rosa Alarc{\'{o}}n and Cesare Pautasso and Erik Wilde},
  pages     = {3--10},
  publisher = {{ACM}},
  bibsource = {dblp computer science bibliography, https://dblp.org},
  biburl    = {https://dblp.org/rec/conf/rest/LiskinSS11.bib},
  doi       = {10.1145/1967428.1967432},
  file      = {:Liskin2011 - Teaching Old Services New Tricks_ Adding HATEOAS Support As an Afterthought.PDF:PDF},
  groups    = {HATEOAS, REST},
}

@InCollection{Adamczyk2011,
  author    = {Paul Adamczyk and Patrick H. Smith and Ralph E. Johnson and Munawar Hafiz},
  booktitle = {{REST:} From Research to Practice},
  publisher = {Springer},
  title     = {{REST} and {W}eb {S}ervices: {I}n {T}heory and in {P}ractice},
  year      = {2011},
  editor    = {Erik Wilde and Cesare Pautasso},
  pages     = {35--57},
  bibsource = {dblp computer science bibliography, https://dblp.org},
  biburl    = {https://dblp.org/rec/books/sp/wilde2011/AdamczykSJH11.bib},
  doi       = {10.1007/978-1-4419-8303-9\_2},
  file      = {:Adamczyk2011 - REST and Web Services_ in Theory and in Practice.PDF:PDF},
  groups    = {HATEOAS, REST},
  url       = {https://doi.org/10.1007/978-1-4419-8303-9_2},
}

@InCollection{Hernandez2011,
  author    = {Antonio Garrote Hern{\'{a}}ndez and Mar{\'{\i}}a N. Moreno Garc{\'{\i}}a},
  booktitle = {{REST:} From Research to Practice},
  publisher = {Springer},
  title     = {Metadata Architecture in RESTful Design},
  year      = {2011},
  editor    = {Erik Wilde and Cesare Pautasso},
  pages     = {459--471},
  bibsource = {dblp computer science bibliography, https://dblp.org},
  biburl    = {https://dblp.org/rec/books/sp/wilde2011/HernandezG11.bib},
  doi       = {10.1007/978-1-4419-8303-9\_21},
  groups    = {HATEOAS, REST},
  url       = {https://doi.org/10.1007/978-1-4419-8303-9_21},
}

@InCollection{Caporuscio2011,
  author    = {Mauro Caporuscio and Marco Funaro and Carlo Ghezzi},
  booktitle = {{REST:} From Research to Practice},
  publisher = {Springer},
  title     = {{REST}ful {S}ervice {A}rchitectures for {P}ervasive {N}etworking {E}nvironments},
  year      = {2011},
  editor    = {Erik Wilde and Cesare Pautasso},
  pages     = {401--422},
  bibsource = {dblp computer science bibliography, https://dblp.org},
  biburl    = {https://dblp.org/rec/books/sp/wilde2011/CaporuscioFG11.bib},
  doi       = {10.1007/978-1-4419-8303-9\_18},
  file      = {:Caporuscio2011 - RESTful Service Architectures for Pervasive Networking Environments.pdf:PDF},
  groups    = {HATEOAS, REST},
  url       = {https://doi.org/10.1007/978-1-4419-8303-9_18},
}

@Book{Webber2010,
  author    = {Webber, Jim and Parastatidis, Savas and Robinson, Ian},
  publisher = {" O'Reilly Media, Inc."},
  title     = {{REST} in practice: {H}ypermedia and systems architecture},
  year      = {2010},
  file      = {:C\:/Users/fbeet/ownCloud/Books/REST-in-Practice.pdf:PDF},
  groups    = {HATEOAS, REST},
}

@Misc{Facebook2018,
  author       = {{Facebook, Inc.}},
  howpublished = {\url{http://spec.graphql.org/June2018/}},
  month        = jun,
  note         = {Online; last accessed 2020-10-04},
  title        = {{GraphQL}},
  year         = {2018},
  groups       = {GraphQL},
  url          = {http://spec.graphql.org/June2018/},
}

@Misc{GQLHTTP,
  author       = {{The GraphQL Foundation}},
  howpublished = {\url{https://graphql.org/learn/serving-over-http/}},
  note         = {Online; last accessed 2020-10-04},
  title        = {{GraphQL} - {S}erving over {HTTP}},
  year         = {2020},
  groups       = {GraphQL},
  url          = {https://graphql.org/learn/serving-over-http/},
}

@InProceedings{Taibi2018,
  author    = {Davide Taibi and Valentina Lenarduzzi and Claus Pahl},
  booktitle = {Proceedings of the 8th International Conference on Cloud Computing and Services Science, {CLOSER} 2018, Funchal, Madeira, Portugal, March 19-21, 2018},
  title     = {{A}rchitectural {P}atterns for {M}icroservices: {A} {S}ystematic {M}apping {S}tudy},
  year      = {2018},
  editor    = {V{\'{\i}}ctor M{\'{e}}ndez Mu{\~{n}}oz and Donald Ferguson and Markus Helfert and Claus Pahl},
  pages     = {221--232},
  publisher = {SciTePress},
  bibsource = {dblp computer science bibliography, https://dblp.org},
  biburl    = {https://dblp.org/rec/conf/closer/TaibiLP18.bib},
  doi       = {10.5220/0006798302210232},
  file      = {:Taibi2018 - Architectural Patterns for Microservices_ a Systematic Mapping Study.pdf:PDF},
  groups    = {Microservices},
}

@Article{Stuenkel2020,
  author    = {Patrick St{\"{u}}nkel and Ole von Bargen and Adrian Rutle and Yngve Lamo},
  journal   = {J. Object Technol.},
  title     = {{GraphQL} {F}ederation: {A} {M}odel-{B}ased {A}pproach},
  year      = {2020},
  number    = {2},
  pages     = {18:1--21},
  volume    = {19},
  bibsource = {dblp computer science bibliography, https://dblp.org},
  biburl    = {https://dblp.org/rec/journals/jot/StunkelBRL20.bib},
  doi       = {10.5381/jot.2020.19.2.a18},
  file      = {:Stuenkel2020 - GraphQL Federation_ a Model Based Approach.pdf:PDF},
  groups    = {GraphQL},
}

@Misc{MDG,
  author       = {{Meteor Development Group}},
  howpublished = {\url{https://www.apollographql.com/docs/federation/}},
  note         = {Online; Last accessed 2020-11-11},
  title        = {{I}ntroduction to {A}pollo {F}ederation},
  groups       = {GraphQL},
  url          = {https://www.apollographql.com/docs/federation/},
}

@Misc{MDGa,
  author       = {{Meteor Development Group}},
  howpublished = {\url{https://www.apollographql.com/docs/federation/federation-spec/}},
  note         = {Online; last accessed 2020-11-11},
  title        = {{A}pollo {F}ederation specification},
  groups       = {GraphQL},
  url          = {https://www.apollographql.com/docs/federation/federation-spec/},
}

@Misc{OAS,
  author       = {{SmartBear Software}},
  howpublished = {\url{https://swagger.io/specification/}},
  month        = feb,
  note         = {Online; last accessed 2020-11-14},
  title        = {{OpenAPI} {S}pecification},
  year         = {2020},
  groups       = {REST},
}

@Article{Hannousse2020,
  author        = {Abdelhakim Hannousse and Salima Yahiouche},
  journal       = {CoRR},
  title         = {Securing Microservices and Microservice Architectures: {A} Systematic Mapping Study},
  year          = {2020},
  volume        = {abs/2003.07262},
  archiveprefix = {arXiv},
  bibsource     = {dblp computer science bibliography, https://dblp.org},
  biburl        = {https://dblp.org/rec/journals/corr/abs-2003-07262.bib},
  eprint        = {2003.07262},
  file          = {:Hannousse2020 - Securing Microservices and Microservice Architectures_ a Systematic Mapping Study.pdf:PDF},
  groups        = {Microservices},
  url           = {https://arxiv.org/abs/2003.07262},
}

@Article{Nehme2019,
  author    = {Antonio Nehme and Vitor Jesus and Khaled Mahbub and Ali E. Abdallah},
  journal   = {{IT} Prof.},
  title     = {{S}ecuring {M}icroservices},
  year      = {2019},
  number    = {1},
  pages     = {42--49},
  volume    = {21},
  bibsource = {dblp computer science bibliography, https://dblp.org},
  biburl    = {https://dblp.org/rec/journals/itpro/NehmeJMA19.bib},
  doi       = {10.1109/MITP.2018.2876987},
  file      = {:Nehme2019 - Securing Microservices.pdf:PDF},
  groups    = {Microservices},
}

@InProceedings{Hammann2020,
  author    = {Sven Hammann and Ralf Sasse and David A. Basin},
  booktitle = {{ASIA} {CCS} '20: The 15th {ACM} Asia Conference on Computer and Communications Security, Taipei, Taiwan, October 5-9, 2020},
  title     = {{P}rivacy-{P}reserving {OpenID} {C}onnect},
  year      = {2020},
  editor    = {Hung{-}Min Sun and Shiuh{-}Pyng Shieh and Guofei Gu and Giuseppe Ateniese},
  pages     = {277--289},
  publisher = {{ACM}},
  bibsource = {dblp computer science bibliography, https://dblp.org},
  biburl    = {https://dblp.org/rec/conf/ccs/HammannSB20.bib},
  doi       = {10.1145/3320269.3384724},
  file      = {:Hammann2020 - Privacy Preserving OpenID Connect.pdf:PDF},
  groups    = {Microservices},
}

@Article{Balalaie2016,
  author    = {Armin Balalaie and Abbas Heydarnoori and Pooyan Jamshidi},
  journal   = {{IEEE} Softw.},
  title     = {{M}icroservices {A}rchitecture {E}nables {DevOps}: {M}igration to a {C}loud-{N}ative {A}rchitecture},
  year      = {2016},
  number    = {3},
  pages     = {42--52},
  volume    = {33},
  bibsource = {dblp computer science bibliography, https://dblp.org},
  biburl    = {https://dblp.org/rec/journals/software/BalalaieHJ16.bib},
  doi       = {10.1109/MS.2016.64},
  file      = {:Balalaie2016 - Microservices Architecture Enables DevOps_ Migration to a Cloud Native Architecture.pdf:PDF},
  groups    = {Microservices},
}

@Article{Kratzke2017,
  author        = {Nane Kratzke},
  journal       = {CoRR},
  title         = {{A}bout {M}icroservices, {C}ontainers and their {U}nderestimated {I}mpact on {N}etwork {P}erformance},
  year          = {2017},
  volume        = {abs/1710.04049},
  archiveprefix = {arXiv},
  bibsource     = {dblp computer science bibliography, https://dblp.org},
  biburl        = {https://dblp.org/rec/journals/corr/abs-1710-04049.bib},
  eprint        = {1710.04049},
  file          = {:Kratzke2017 - About Microservices, Containers and Their Underestimated Impact on Network Performance.pdf:PDF},
  groups        = {Microservices},
  url           = {http://arxiv.org/abs/1710.04049},
}

@InProceedings{Gadea2016,
  author    = {Cristian Gadea and Mircea Trifan and Dan Ionescu and Bogdan Ionescu},
  booktitle = {Proceedings of the 3rd Workshop on CrossCloud Infrastructures {\&} Platforms, CrossCloud@EuroSys 2016, London, United Kingdom, April 18-21, 2016},
  title     = {A reference architecture for real-time microservice {API} consumption},
  year      = {2016},
  editor    = {Yehia Elkhatib and Mohamed Faten Zhani},
  pages     = {2:1--2:6},
  publisher = {{ACM}},
  bibsource = {dblp computer science bibliography, https://dblp.org},
  biburl    = {https://dblp.org/rec/conf/eurosys/GadeaTII16.bib},
  doi       = {10.1145/2904111.2904115},
  file      = {:Gadea2016 - A Reference Architecture for Real Time Microservice API Consumption.pdf:PDF},
  groups    = {Microservices},
}

@Comment{jabref-meta: databaseType:bibtex;}

@Comment{jabref-meta: fileDirectory:.;}

@Comment{jabref-meta: grouping:
0 AllEntriesGroup:;
1 StaticGroup:Kafka\;0\;1\;0xb31a1aff\;\;\;;
1 StaticGroup:Microservices\;0\;0\;0x4d804dff\;\;\;;
1 StaticGroup:GraphQL\;0\;0\;0x4d66ccff\;\;\;;
1 StaticGroup:REST\;0\;1\;0xe6804dff\;\;\;;
2 StaticGroup:HTTP\;0\;1\;0xb3e6e6ff\;\;\;;
2 StaticGroup:HATEOAS\;1\;1\;0x8a8a8aff\;\;\;;
1 StaticGroup:Meta\;0\;1\;0x4d1a4dff\;\;\;;
}
